<?xml version="1.0" encoding="UTF-8"?><record xmlns="http://www.loc.gov/MARC21/slim" xmlns:cinclude="http://apache.org/cocoon/include/1.0" xmlns:zs="http://www.loc.gov/zing/srw/">
  <leader>00724nz  a2200157n  4500</leader>
  <controlfield tag="001">no2010096202</controlfield>
  <controlfield tag="003">DLC</controlfield>
  <controlfield tag="005">20100613075216.0</controlfield>
  <controlfield tag="008">100611n| acannaabn          |a ana     c</controlfield>
  <datafield tag="010" ind1=" " ind2=" ">
    <subfield code="a">no2010096202</subfield>
  </datafield>
  <datafield tag="035" ind1=" " ind2=" ">
    <subfield code="a">(OCoLC)oca08524873</subfield>
  </datafield>
  <datafield tag="040" ind1=" " ind2=" ">
    <subfield code="a">InU</subfield>
    <subfield code="b">eng</subfield>
    <subfield code="c">InU</subfield>
  </datafield>
  <datafield tag="110" ind1="1" ind2=" ">
    <subfield code="a">Mauritius.</subfield>
    <subfield code="b">Ministry of Commerce, Industry, Prices, and Consumer Protection</subfield>
  </datafield>
  <datafield tag="410" ind1="1" ind2=" ">
    <subfield code="a">Mauritius.</subfield>
    <subfield code="b">Commerce, Industry, Prices, and Consumer Protection, Ministry of</subfield>
  </datafield>
  <datafield tag="670" ind1=" " ind2=" ">
    <subfield code="a">Fact sheet (Mauritius. Ministry of Commerce, Industry, Prices, and Consumer Protection). Fact sheet, No. 1 (1983):</subfield>
    <subfield code="b">t.p. (Ministry of Commerce, Industry, Prices and Consumer Protection, Mauritius)</subfield>
  </datafield>
  <datafield tag="667" ind1=" " ind2=" ">
    <subfield code="a">Cannot identify with: Mauritius. Ministry of Commerce and Industry</subfield>
  </datafield>
</record>